%% Created using Papers on Fri, 01 Feb 2019.
%% http://papersapp.com/papers/

@article{Garrod:1987wl,
author = {Garrod, Simon and Anderson, Anthony},
title = {{Saying what you mean in dialogue: A study in conceptual and semantic co-ordination}},
journal = {Cognition},
year = {1987},
volume = {27},
pages = {181--218}
}

@article{Anonymous:7oehm9MP,
author = {Hoff-Ginsberg, Erika},
title = {{Mother-Child Conversation in Different Social Classes and Communicative Settings}},
journal = {Child Development},
year = {1991},
volume = {62},
pages = {782--796}
}

@article{Fusaroli:2015hia,
author = {Fusaroli, Riccardo and Tyl{\'e}n, Kristian},
title = {{Investigating Conversational Dynamics: Interactive Alignment, Interpersonal Synergy, and Collective Task Performance}},
journal = {Cognitive Science},
year = {2015},
volume = {40},
number = {1},
pages = {145--171},
month = may,
annote = {interactive alignment (IA) and interpersonal synergy (IS) models of interpersonal dialogue; compares quantitative models and their predictiveness for performance in task-oriented conversations - IS is more predictive

IA model
- based on interlocutors sharing lexical choices, syntactic patterns, etc.
IS model
- based on more complex interpersonal dimensions (e.g., power dynamics, turn-taking, playing roles)}
}

@article{Mayor:2010kp,
author = {Mayor, Julien and Plunkett, Kim},
title = {{A statistical estimate of infant and toddler vocabulary size from CDI analysis}},
journal = {Developmental Science},
year = {2010},
volume = {14},
number = {4},
pages = {769--785},
month = dec
}

@article{Ireland:2010gl,
author = {Ireland, Molly E and Slatcher, Richard B and Eastwick, Paul W and Scissors, Lauren E and Finkel, Eli J and Pennebaker, James W},
title = {{Language Style Matching Predicts Relationship Initiation and Stability}},
journal = {Psychological Science},
year = {2010},
volume = {22},
number = {1},
pages = {39--44},
month = nov
}

@article{Gomez:1999bx,
author = {Gomez, Rebecca L and Gerken, LouAnn},
title = {{Artificial grammar learning by 1-year-olds leads to specific and abstract knowledge}},
journal = {Cognition},
year = {1999},
volume = {70},
number = {2},
pages = {109--135},
month = mar
}

@article{Hayes:1988ue,
author = {Hayes, D P and Ahrens, M G},
title = {{Vocabulary simplification for children: a special case of 'motherese'?}},
journal = {Journal of Child Language},
year = {1988},
volume = {15},
number = {2},
pages = {395--410},
month = jun
}

@book{Anonymous:bg85sHQD,
title = {{Cognition and the development of language}},
publisher = {Wiley}
}

@article{Gleitman:1990ul,
author = {Gleitman, Lila},
title = {{The Structural Sources of Verb Meanings}},
journal = {Language Acquisition},
year = {1990},
volume = {1},
number = {1},
pages = {3--55}
}

@article{Anonymous:GIFaG1Qd,
author = {Walker, Dale and Greenwood, Charles and Hart, Betty and Carta, Judith},
title = {{Prediction of School Outcomes Based on Early Language Production and Socioeconomic Factors}},
journal = {Children and Poverty},
year = {1994},
volume = {65},
number = {2},
pages = {606--621},
month = apr
}

@article{Gogate:2000vk,
author = {Gogate, Lakshmi J and Bahrick, Lorraine E and Watson, Jilayne D},
title = {{A Study of Multimodal Motherese: The Role of Temporal Synchrony between Verbal Labels and Gestures}},
year = {2000},
volume = {71},
number = {4},
pages = {878--894},
month = jul
}

@article{DiCesare:2013ip,
author = {Di Cesare, M and Sabates, R and Lewin, K M},
title = {{A double prevention: how maternal education can affect maternal mental health, child health and child cognitive development}},
journal = {Longitudinal and Life Course Studies},
year = {2013},
volume = {4}
}

@article{Naigles:1990cw,
author = {Naigles, Letitia},
title = {{Children use syntax to learn verb meanings}},
journal = {Journal of Child Language},
year = {1990},
volume = {17},
number = {02},
pages = {357--374},
month = feb
}

@article{Weisleder:2013ht,
author = {Weisleder, Adriana and Fernald, Anne},
title = {{Talking to Children Matters}},
journal = {Psychological Science},
year = {2013},
volume = {24},
number = {11},
pages = {2143--2152},
month = sep
}

@inproceedings{DanescuNiculescuMizil:2012ce,
author = {Danescu-Niculescu-Mizil, Cristian and Lee, Lillian and Pang, Bo and Kleinberg, Jon},
title = {{Echoes of power}},
booktitle = {the 21st international conference},
year = {2012},
publisher = {ACM Press},
address = {New York, New York, USA}
}

@article{Chouinard:2003kq,
author = {Chouinard, Michelle M and Clark, Eve V},
title = {{Adult reformulations of child errors as negative evidence}},
journal = {Journal of Child Language},
year = {2003},
volume = {30},
number = {3},
pages = {637--669},
month = aug
}

@article{Kaushanskaya:2013gi,
author = {Kaushanskaya, Margarita and Gross, Megan and Buac, Milijana},
title = {{Gender differences in child word learning}},
journal = {Learning and Individual Differences},
year = {2013},
volume = {27},
pages = {82--89},
month = oct
}

@article{Lange:2016gv,
author = {Lange, Benjamin P and Euler, Harald A and Zaretsky, Eugen},
title = {{Sex differences in language competence of 3- to 6-year-old children}},
journal = {Applied Psycholinguistics},
year = {2016},
volume = {37},
number = {06},
pages = {1417--1438},
month = jan
}

@article{ROWE:2008go,
author = {Rowe, Meredith L},
title = {{Child-directed speech: relation to socioeconomic status, knowledge of child development and child vocabulary skill}},
journal = {Journal of Child Language},
year = {2008},
volume = {35},
number = {01},
pages = {185--205},
annote = {taped 47 parent-child dyads at age 2yrs 6months; evaluated PPVT at 2;6 {\&} 3;6

1. CDS ag 2;6 predicts later PPVT (controlling for baseline skill)
2. CDS relates to SES
3. Relation in (2) is mediated by parental knowledge of child development

parents from different SES communicate differently with children
{\textendash}~maternal language and literacy skills relate to vocab mothers use with children

measures of CDS
{\textendash} amount of speech: {\#} of tokens
{\textendash} diversity: {\#} of types {\&} VOCD
{\textendash} sentence complexity: MLU
{\textendash} social-pragmatic measure of speech: proprtion of eliciting(yes/no or wh) or directive (imperative) speech

{\textendash}~quantity and quality of CDS relates to PPVT
    - specifically, word types,tokens, VOCD, MLU}
}

@article{Bohannon:1988fg,
author = {Bohannon, John N and Stanowicz, Laura B},
title = {{The issue of negative evidence: Adult responses to children's language errors.}},
journal = {Developmental Psychology},
year = {1988},
volume = {24},
number = {5},
pages = {684--689}
}

@article{OVIDDS:2009uz,
author = {Yuan, Sylvia and Fisher, Cynthia},
title = {{{\textquotedblleft}Really? She Blicked the Baby?{\textquotedblright}: Two-Year-Olds Learn Combinatorial Facts About Verbs by Listening}},
journal = {Psychological Science},
year = {2009},
volume = {20},
number = {5},
pages = {619--626},
month = may
}

@booklet{Pennebaker:kqtgxul0,
title = {{Linguistic inquiry and word count: LIWC2015. Austin, TX: Pennebaker Conglomerates}},
author = {Pennebaker, J W and Booth, R J and Boyd, R L and Francis, M E},
year = {2015}
}

@article{Sokolov:1993cr,
author = {Sokolov, Jeffrey L},
title = {{A local contingency analysis of the fine-tuning hypothesis.}},
journal = {Developmental Psychology},
year = {1993},
volume = {29},
number = {6},
pages = {1008--1023}
}

@article{Yurovsky:2012gs,
author = {Yurovsky, Daniel and Yu, Chen and Smith, Linda B},
title = {{Statistical Speech Segmentation and Word Learning in Parallel: Scaffolding from Child-Directed Speech}},
journal = {Frontiers in Psychology},
year = {2012},
volume = {3},
pages = {1--9}
}

@book{Anonymous:icUYQM1E,
title = {{Talking to Children}}
}

@article{Pickering:2008gu,
author = {Pickering, Martin J and Ferreira, Victor S},
title = {{Structural priming: A critical review.}},
journal = {Psychological Bulletin},
year = {2008},
volume = {134},
number = {3},
pages = {427--459}
}

@article{Hoff:2003kx,
author = {Hoff, Erika},
title = {{The specificity of environmental influence: Socioeconomic status affects early vocabulary development via maternal speech}},
journal = {Child Development},
year = {2003},
volume = {74},
number = {5},
pages = {1368--1378},
month = sep,
annote = {properties of maternal speech (that differ as a function of SES) account for the discrepancies in productive vocabularies between high-SES and low-SES children

{\#} of word tokens and types, MLU (in morphemes)

}
}

@article{Garrod:2004dl,
author = {Garrod, Simon and Pickering, Martin J},
title = {{Toward a mechanistic psychology of dialogue}},
journal = {Behavioral and Brain Sciences},
year = {2004},
volume = {27},
number = {02},
pages = {169--226},
month = oct
}

@book{Vygotsky:1980wt,
author = {Vygotsky, L S},
title = {{Mind in Society}},
publisher = {Harvard University Press},
year = {1980},
series = {Development of Higher Psychological Processes},
month = oct
}

@article{Lieven:2009ii,
author = {Lieven, Elena and Salomo, Doroth{\'e} and Tomasello, Michael},
title = {{Two-year-old children's production of multiword utterances: A usage-based analysis}},
journal = {Cognitive Linguistics},
year = {2009},
volume = {20},
number = {3},
pages = {61--27},
month = jul
}

@article{Montag:2015iy,
author = {Montag, Jessica L and MacDonald, Maryellen C},
title = {{Text exposure predicts spoken production of complex sentences in 8- and 12-year-old children and adults.}},
journal = {Journal of Experimental Psychology: General},
year = {2015},
volume = {144},
number = {2},
pages = {447--468},
month = apr
}

@article{Kello:2008km,
author = {Kello, Christopher and Anderson, Gregory and Holden, John and Van Orden, Guy},
title = {{The Pervasiveness of 1/f Scaling in Speech Reflects the Metastable Basis of Cognition}},
journal = {Cognitive Science: A Multidisciplinary Journal},
year = {2008},
volume = {32},
number = {7},
pages = {1217--1231},
month = oct
}

@article{Krauss:1966vs,
author = {Krauss, Robert M and Weinheimer, Sidney},
title = {{Concurrent feedback, confirmation, and the encoding of referents in verbal communication}},
journal = {Journal of Personality and Social Psychology},
year = {1966},
volume = {4},
number = {3},
pages = {343--346}
}

@article{CameronFaulkner:2003ge,
author = {Cameron-Faulkner, Thea and Lieven, Elena and Tomasello, Michael},
title = {{A construction based analysis of child directed speech}},
journal = {Cognitive Science},
year = {2003},
volume = {27},
number = {6},
pages = {843--873},
month = dec,
annote = {few maternal utterances (15%) are declaratives (SVO form); most maternal utterances begin with one of 52 item-based phrases, with most consisting of two words or mprphemes
children's usage of these item-based phrases correlates highly with their mother's frequency of use}
}

@article{Schady:2011bb,
author = {Schady, Norbert},
title = {{Parents' education, mothers' vocabulary, and cognitive development in early childhood: longitudinal evidence from Ecuador.}},
journal = {American journal of public health},
year = {2011},
volume = {101},
number = {12},
pages = {2299--2307},
month = dec
}

@book{Lenneberg:1967wi,
author = {Lenneberg, Eric H},
title = {{Biological Foundations of Language}},
publisher = {Wiley},
year = {1967}
}

@article{HoffGinsberg:2008up,
author = {Hoff-Ginsberg, Erika},
title = {{The relation of birth order and socioeconomic status to children's language experience and language development}},
journal = {Applied Psycholinguistics},
year = {1998},
volume = {19},
pages = {603--629}
}

@article{Spivey:2006fa,
author = {Spivey, Michael J and Dale, Rick},
title = {{Continuous Dynamics in Real-Time Cognition}},
journal = {Current Directions in Psychological Science},
year = {2006},
volume = {15},
number = {5},
pages = {207--211}
}

@book{VanOrmanQuine:1960wf,
author = {Van Orman Quine, Willard},
title = {{Word and Object}},
publisher = {MIT Press},
year = {1960}
}

@article{PeabodyPictureVoca:im,
author = {Dunn, Lloyd M and Dunn, Leota M},
title = {{Peabody Picture Vocabulary Test--Third Edition}},
journal = {PsycTESTS Dataset},
year = {1997}
}

@article{Smith:2008gp,
author = {Smith, Linda and Yu, Chen},
title = {{Infants rapidly learn word-referent mappings via cross-situational statistics}},
journal = {Cognition},
year = {2008},
volume = {106},
number = {3},
pages = {1558--1568},
month = mar
}

@article{Vlach:2013bp,
author = {Vlach, Haley A and Johnson, Scott P},
title = {{Memory constraints on infants' cross-situational statistical learning}},
journal = {Cognition},
year = {2013},
volume = {127},
number = {3},
pages = {375--382},
month = jun
}

@article{HirshPasek:1984bd,
author = {Hirsh-Pasek, Kathy and Treiman, Rebecca and Schneiderman, Maita},
title = {{Brown {\&} Hanlon revisited: mothers' sensitivity to ungrammatical forms}},
journal = {Journal of Child Language},
year = {1984},
volume = {11},
number = {01},
pages = {81--88}
}

@article{Abney:2014im,
author = {Abney, Drew H and Paxton, Alexandra and Dale, Rick and Kello, Christopher T},
title = {{Complexity matching in dyadic conversation.}},
journal = {Journal of Experimental Psychology: General},
year = {2014},
volume = {143},
number = {6},
pages = {2304--2315}
}

@article{Thiessen:2005tx,
author = {Thiessen, Erik D and Hill, Emily A and Saffran, Jenny R},
title = {{Infant-Directed Speech Facilitates Word Segmentation}},
journal = {Infancy},
year = {2005},
volume = {7},
number = {1},
pages = {53--71},
month = feb
}

@article{MacWhinney:2000jx,
author = {MacWhinney, Brian},
title = {{The CHILDES Project}},
journal = {Computational Linguistics},
year = {2000},
volume = {26},
number = {4},
pages = {657--657},
month = dec
}

@article{Kacewicz:2014gw,
author = {Kacewicz, Ewa and Pennebaker, James W and Davis, Matthew and Jeon, Moongee and Graesser, Arthur C},
title = {{Pronoun Use Reflects Standings in Social Hierarchies}},
journal = {Journal of Language and Social Psychology},
year = {2014},
volume = {33},
number = {2},
pages = {125--143},
month = feb
}

@inproceedings{Anonymous:r2JoRscQ,
author = {Yurovsky, Daniel and Doyle, Gabriel and Frank, Michael C},
title = {{Linguistic input is tuned to children{\textquoteright}s developmental level}},
booktitle = {Proceedings of the Annual Meeting of the Cognitive Science Society},
year = {2016},
pages = {2093--2098},
month = jul
}

@article{Anonymous:6O2YEUCo,
author = {Saffran, Jenny R and Aslin, Richard N and Newport, Elissa L},
title = {{Statistical Learning by 8-Month-Old Infants}},
journal = {Science},
year = {1996},
volume = {274},
number = {5294},
pages = {1926--1928},
month = dec
}

@article{Snow:2018wf,
author = {Snow, Catherine E},
title = {{Mothers' Speech to Children Learning Language}},
journal = {Child Development},
year = {1972},
volume = {43},
number = {2},
pages = {549--565}
}

@article{GoldinMeadow:2014hr,
author = {Goldin-Meadow, Susan and Levine, Susan C and Hedges, Larry V and Huttenlocher, Janellen and Raudenbush, Stephen W and Small, Steven L},
title = {{New evidence about language and cognitive development based on a longitudinal study: Hypotheses for intervention.}},
journal = {American Psychologist},
year = {2014},
volume = {69},
number = {6},
pages = {588--599}
}

@article{MacArthurBatesComm:ke,
author = {Fenson, Larry and Marchman, Virginia A and Thal, Donna J and Dale, Philip S and Reznick, J Steven and Bates, Elizabeth},
title = {{MacArthur-Bates Communicative Development Inventories, Second Edition}},
journal = {PsycTESTS Dataset},
year = {2006}
}

@article{Carpenter:2017ke,
author = {Carpenter, Bob and Gelman, Andrew and Hoffman, Matthew D and Lee, Daniel and Goodrich, Ben and Betancourt, Michael and Brubaker, Marcus and Guo, Jiqiang and Li, Peter and Riddell, Allen},
title = {{Stan : A Probabilistic Programming Language}},
journal = {Journal of Statistical Software},
year = {2017},
volume = {76},
number = {1},
month = jan
}

@incollection{Brown:1970wd,
author = {Brown, Rodger William and Hanlon, C},
title = {{Derivational Complexity and Order of Acquisition in Child Speech}},
booktitle = {Cognition and the development of language},
year = {1970},
editor = {Hayes, J},
pages = {11--53},
address = {New York}
}

@article{Niederhoffer:2016co,
author = {Niederhoffer, Kate G and Pennebaker, James W},
title = {{Linguistic Style Matching in Social Interaction}},
journal = {Journal of Language and Social Psychology},
year = {2016},
volume = {21},
number = {4},
pages = {337--360},
month = jul
}

@proceedings{Doyle:2016eb,
title = {{A Robust Framework for Estimating Linguistic Alignment in Twitter Conversations}},
year = {2016},
publisher = {ACM Press}
}

@article{Giles:1991tk,
author = {Giles, Howard and Coupland, Nikolas and Coupland, Justine},
title = {{Accommodation Theory: Communication, Context, and Consequence}},
journal = {Contexts of Accommodation Developments in Applied Sociolinguistics},
year = {1991},
pages = {1--68}
}

